<record><leader>00000cas a22000007a 4500</leader><controlfield tag="001">9278903</controlfield><controlfield tag="008">830304d18481851mauwr ne      0    0eng d</controlfield><datafield ind1=" " ind2=" " tag="010"><subfield code="a">sn 83020165 </subfield></datafield><datafield ind1=" " ind2=" " tag="040"><subfield code="a">NPX</subfield><subfield code="b">eng</subfield><subfield code="c">NPX</subfield><subfield code="d">MGN</subfield><subfield code="d">OCLCQ</subfield><subfield code="d">AQM</subfield></datafield><datafield ind1=" " ind2=" " tag="019"><subfield code="a">987276343</subfield></datafield><datafield ind1=" " ind2=" " tag="042"><subfield code="a">msc</subfield></datafield><datafield ind1="0" ind2="4" tag="245"><subfield code="a">The Chelsea pioneer.</subfield></datafield><datafield ind1=" " ind2=" " tag="260"><subfield code="a">Chelsea, Mass. :</subfield><subfield code="b">Benjamin Rivers</subfield></datafield><datafield ind1=" " ind2=" " tag="300"><subfield code="a">v.</subfield></datafield><datafield ind1=" " ind2=" " tag="310"><subfield code="a">Weekly,</subfield><subfield code="b">&lt;Feb. 9, 1849&gt;-1851</subfield></datafield><datafield ind1=" " ind2=" " tag="321"><subfield code="a">Semiweekly,</subfield><subfield code="b">&lt;Aug. 4-Nov. 28, 1848&gt;</subfield></datafield><datafield ind1="1" ind2=" " tag="362"><subfield code="a">Began in 1848; ceased in 1851.</subfield></datafield><datafield ind1=" " ind2=" " tag="588"><subfield code="a">Description based on: Vol. 3, no. 10 (Aug. 4, 1848).</subfield></datafield><datafield ind1=" " ind2="7" tag="655"><subfield code="a">Newspapers.</subfield><subfield code="2">rbgenr</subfield></datafield><datafield ind1=" " ind2=" " tag="752"><subfield code="a">United States</subfield><subfield code="b">Massachusetts</subfield><subfield code="c">Suffolk</subfield><subfield code="d">Chelsea.</subfield></datafield><datafield ind1="0" ind2="0" tag="780"><subfield code="t">Winnisimmet pioneer</subfield><subfield code="w">(DLC)sn 83020164</subfield></datafield><datafield ind1="0" ind2="7" tag="785"><subfield code="t">Chelsea telegraph</subfield><subfield code="w">(DLC)sn 83020166</subfield></datafield><datafield ind1="0" ind2="7" tag="785"><subfield code="t">Chelsea telegraph and pioneer</subfield><subfield code="w">(DLC)sn 83020167</subfield></datafield></record>